<?xml version="1.0" encoding="UTF-8"?><collection xmlns="http://www.loc.gov/MARC21/slim"><record><leader>00588nam--2200181-i-4500</leader><controlfield tag="001">000014727</controlfield><controlfield tag="002">20161230</controlfield><controlfield tag="005">20161230201031</controlfield><controlfield tag="008">060222s1000------------r-----000-0-eng-d</controlfield><datafield ind1=" " ind2=" " tag="040"><subfield code="a">IFIN-HH</subfield></datafield><datafield ind1=" " ind2=" " tag="080"><subfield code="a">539.196.5:538.911</subfield></datafield><datafield ind1="1" ind2=" " tag="100"><subfield code="a">Davydov, A.S</subfield></datafield><datafield ind1="1" ind2="0" tag="245"><subfield code="a">Theory of molecular excitions</subfield><subfield code="b">Translated from the first russian edition by michael kasha. max oppenheimer, jr</subfield><subfield code="c">A.s. davydov</subfield></datafield><datafield ind1=" " ind2=" " tag="260"><subfield code="a">New York</subfield><subfield code="b">Mcgraw-hill Book Company, Inc</subfield><subfield code="c">1962</subfield></datafield><datafield ind1=" " ind2=" " tag="300"><subfield code="a">IX+174P</subfield></datafield><datafield ind1=" " ind2=" " tag="490"><subfield code="a">Mcgraw-hill Series In Advanced Chemistry</subfield></datafield><datafield ind1=" " ind2=" " tag="852"><subfield code="a">18673</subfield><subfield code="c">539.19</subfield></datafield><datafield ind1=" " ind2=" " tag="CAT"><subfield code="a">Sys</subfield><subfield code="c">20120712</subfield><subfield code="h">134059</subfield></datafield></record></collection>